@article{BaezTQFT,
  doi = {10.48550/ARXIV.QUANT-PH/0404040},
  
  url = {https://arxiv.org/abs/quant-ph/0404040},
  
  author = {Baez, John C.},
  
  keywords = {Quantum Physics (quant-ph), General Relativity and Quantum Cosmology (gr-qc), Quantum Algebra (math.QA), FOS: Physical sciences, FOS: Physical sciences, FOS: Mathematics, FOS: Mathematics},
  
  title = {Quantum Quandaries: a Category-Theoretic Perspective},
  
  publisher = {arXiv},
  
  year = {2004},
  
  copyright = {Assumed arXiv.org perpetual, non-exclusive license to distribute this article for submissions made before January 2004}
}